<?xml version="1.0" encoding="UTF-8"?><collection xmlns="http://www.loc.gov/MARC21/slim"><record><leader>00474nam--2200181-i-4500</leader><controlfield tag="001">000023176</controlfield><controlfield tag="002">20161230</controlfield><controlfield tag="005">20161230201034</controlfield><controlfield tag="008">060222s1000------------r-----000-0-fre-d</controlfield><datafield ind1=" " ind2=" " tag="040"><subfield code="a">IFIN-HH</subfield></datafield><datafield ind1=" " ind2=" " tag="041"><subfield code="a">fre</subfield></datafield><datafield ind1=" " ind2=" " tag="080"><subfield code="a">539.2</subfield></datafield><datafield ind1="1" ind2=" " tag="100"><subfield code="a">Homes, Georges</subfield></datafield><datafield ind1="1" ind2="0" tag="245"><subfield code="a">Cours de physique interne des materiaux</subfield><subfield code="c">Georges homes</subfield></datafield><datafield ind1=" " ind2=" " tag="260"><subfield code="a">Bruxelles</subfield><subfield code="b">Presses Universitaires De Bruxelles</subfield><subfield code="c">1971</subfield></datafield><datafield ind1=" " ind2=" " tag="300"><subfield code="a">265P</subfield></datafield><datafield ind1=" " ind2=" " tag="852"><subfield code="a">36412</subfield><subfield code="c">539.2</subfield></datafield><datafield ind1=" " ind2=" " tag="CAT"><subfield code="a">Sys</subfield><subfield code="c">20121019</subfield><subfield code="h">140956</subfield></datafield></record></collection>